@article{DBLP:journals/corr/abs-1901-08079,
  author    = {Asma Ben Abacha and
               Dina Demner{-}Fushman},
  title     = {A Question-Entailment Approach to Question Answering},
  journal   = {CoRR},
  volume    = {abs/1901.08079},
  year      = {2019},
  url       = {http://arxiv.org/abs/1901.08079},
  archivePrefix = {arXiv},
  eprint    = {1901.08079},
  timestamp = {Sat, 02 Feb 2019 16:56:00 +0100},
  biburl    = {https://dblp.org/rec/journals/corr/abs-1901-08079.bib},
  bibsource = {dblp computer science bibliography, https://dblp.org}
}